<?xml version="1.0" encoding="UTF-8"?><collection xmlns="http://www.loc.gov/MARC21/slim"><record><leader>00492nam--2200169-i-4500</leader><controlfield tag="001">000006493</controlfield><controlfield tag="002">20161230</controlfield><controlfield tag="005">20161230201026</controlfield><controlfield tag="008">060222s1000------------r-----000-0-eng-d</controlfield><datafield ind1=" " ind2=" " tag="040"><subfield code="a">IFIN-HH</subfield></datafield><datafield ind1=" " ind2=" " tag="080"><subfield code="a">539.183.2:535.33</subfield></datafield><datafield ind1="1" ind2=" " tag="100"><subfield code="a">Blaise, Jean</subfield></datafield><datafield ind1="1" ind2="0" tag="245"><subfield code="a">Recherche sur le deplacement isotopique dans les spectres atomiques des elements lourds</subfield><subfield code="b">These</subfield><subfield code="c">Jean blaise</subfield></datafield><datafield ind1=" " ind2=" " tag="260"><subfield code="a">Paris</subfield><subfield code="b">Masson Et C-ie</subfield><subfield code="c">1958</subfield></datafield><datafield ind1=" " ind2=" " tag="300"><subfield code="a">57 P</subfield></datafield><datafield ind1=" " ind2=" " tag="852"><subfield code="a">19144</subfield><subfield code="c">535.33</subfield></datafield><datafield ind1=" " ind2=" " tag="CAT"><subfield code="a">Sys</subfield><subfield code="c">20101202</subfield><subfield code="h">124922</subfield></datafield></record></collection>